<?xml version="1.0" encoding="UTF-8"?><record xmlns="http://www.loc.gov/MARC21/slim" xmlns:cinclude="http://apache.org/cocoon/include/1.0" xmlns:zs="http://www.loc.gov/zing/srw/">
  <leader>00838cz  a2200157n  4500</leader>
  <controlfield tag="001">n  84078438 </controlfield>
  <controlfield tag="003">DLC</controlfield>
  <controlfield tag="005">20141209070055.0</controlfield>
  <controlfield tag="008">840817n| azannaab           |a aaa      </controlfield>
  <datafield tag="010" ind1=" " ind2=" ">
    <subfield code="a">n  84078438 </subfield>
  </datafield>
  <datafield tag="040" ind1=" " ind2=" ">
    <subfield code="a">DLC</subfield>
    <subfield code="b">eng</subfield>
    <subfield code="e">rda</subfield>
    <subfield code="c">DLC</subfield>
    <subfield code="d">DLC</subfield>
  </datafield>
  <datafield tag="100" ind1="1" ind2=" ">
    <subfield code="a">Barsuk, A. I.</subfield>
    <subfield code="q">(Abram Ilʹich)</subfield>
  </datafield>
  <datafield tag="378" ind1=" " ind2=" ">
    <subfield code="q">Abram Ilʹich</subfield>
  </datafield>
  <datafield tag="400" ind1="1" ind2="0">
    <subfield code="w">nna</subfield>
    <subfield code="a">Barsuk, Abram Ilʹich</subfield>
  </datafield>
  <datafield tag="670" ind1=" " ind2=" ">
    <subfield code="a">Gosudarstvennai︠a︡ biblioteka SSSR imeni V.I. Lenina. Nauchno-issledovatelʹskiĭ otdel bibliografovedenii︠a︡ i nauchno-vspomogatelʹnoĭ bibliografii. Sostoi︠a︡nie i tendent︠s︡ii razvitii︠a︡ obshcheĭ retrospektivnoĭ bibliografii i bibliograficheskogo obsluzhivanii︠a︡ spet︠s︡ialistov v universalʹnykh nauchnykh bibliotekakh, 1983:</subfield>
    <subfield code="b">verso t.p. (A. F. Barsuk)</subfield>
  </datafield>
  <datafield tag="670" ind1=" " ind2=" ">
    <subfield code="a">LC data base, 8-15-84</subfield>
    <subfield code="b">(hdg.: Barsuk, Abram Ilʹich; usage: A. I. Barsuk)</subfield>
  </datafield>
</record>